@article{einstein,
  author       = {Albert Einstein},
  title        = {Zur Elektrodynamik bewegter K{\"o}rper. (German) [On the electrodynamics of moving bodies]},
  journaltitle = {Annalen der Physik},
  year         = {1905},
  volume       = {322},
  number       = {10},
  pages        = {891-921},
  doi          = {http://dx.doi.org/10.1002/andp.19053221004}
}
@online{guidelines-for-writing-your-thesis-report,
  author = {Rasmus Pedersen},
  title  = {Guidelines for writing your thesis report},
  year   = {2021},
  url    = {https://studerende.au.dk/en/studies/subject-portals/agroecology-food-and-environment/bachelors-project-masters-thesis-and-other-projects/masters-thesis/thesis-projects-at-agricultural-and-food-science/guidelines-for-writing-your-thesis-report/}
}
@online{get-thesis-how-to-write-a-winning-bachelor-thesis,
  author = {Unknown},
  title  = {How to Write a Winning Bachelor Thesis},
  year   = {2021},
  url    = {https://get-thesis.com/blog/bachelor-thesis}
}

@online{oxford-thesis,
  author = {John McManigle},
  title = {Oxford Thesis Template},
  year = {2015},
  url = {https://www.oxfordechoes.com/oxford-thesis-template/}
}

@online{a-brief-history-on-non-relational-databases,
  author = {Keith D. Foote},
  title = {A brief history of Non-Relational databases},
  date = {19 June, 2018},
  url = {https://www.dataversity.net/a-brief-history-of-non-relational-databases/}
}
@online{a-brief-history-of-nosql,
  author = {Knut Haugen},
  title = {A Brief History of NoSQL},
  date = {10 March, 2010},
  url = {http://blog.knuthaugen.no/2010/03/a-brief-history-of-nosql.html}
}
@online{relational-vs-nosql-a-survey,
  author = {Mohamed Ahmed Mohamed, Obay G. Altrafi, Mohammed O. Ismail},
  title = {Relational Vs. NoSQL databases: A survey},
  date = {May, 2014},
  url = {https://www.researchgate.net/publication/263272704_Relational_Vs_NoSQL_databases_A_survey}
}
@online{mongodb-what-is-nosql,
  author = {MongoDB},
  title = {What is NoSQL?},
  url = {https://www.mongodb.com/nosql-explained}
}
@online{ibm-relational-databases,
  author = {IBM Cloud Education},
  date = {6 August, 2019},
  title = {What is a relational database?},
  url = {https://www.ibm.com/cloud/learn/relational-databases}
}
@online{mongodb-non-relational-database,
  author = {MongoDB},
  title = {What is a Non-Relational Database?},
  url = {https://www.mongodb.com/non-relational-database}
}
@online{microsoft-normaliziation,
  author = {Microsoft},
  title = {Description of the database normalization basics},
  date = {May 22, 2020},
  url = {https://docs.microsoft.com/en-us/office/troubleshoot/access/database-normalization-description}
}
@online{databaseguide-acid,
  author = {Database.Guide},
  title = {What does ACID mean in Database Systems?},
  url = {https://database.guide/what-is-acid-in-databases/}
}
@online{databaseguide-mongo-csv,
  author = {Database.Guide},
  title = {Import a CSV File into MongoDB with mongoimport},
  url = {https://database.guide/import-a-csv-file-into-mongodb-with-mongoimport/}
}
@online{mongodb-advantages-of-nosql,
  author = {MongoDB},
  title = {Advantages of NoSQL Databases},
  url = {https://www.mongodb.com/nosql-explained/advantages}
}
@online{loginradius-rdbms-vs-nosql,
  author = {Team LoginRadius},
  title = {RDBMS vs NoSQL},
  date = {28 April, 2015},
  url = {https://www.loginradius.com/blog/async/relational-database-management-system-rdbms-vs-nosql/}
}
@online{neo4j-acid-vs-base,
  author = {Bryce Merkl Sasaki},
  title = {Graph Databases for Beginners: ACID vs. BASE Explained},
  date = {13 November, 2018},
  url = {https://neo4j.com/blog/acid-vs-base-consistency-models-explained/}
}
@online{dataversity-acid-vs-base,
  author = {Charles Roe},
  title = {ACID vs. BASE: The Shifting pH of Database Transaction Processing},
  date = {1 March, 2012},
  url = {https://www.dataversity.net/acid-vs-base-the-shifting-ph-of-database-transaction-processing/}
}
@online{investopedia-horizontal-vs-vertical-scaling,
  author = {Evan Tarver},
  title = {Horizontal vs. Vertical Integration: What's the Difference?},
  date = {11 January, 2021},
  url = {https://www.investopedia.com/ask/answers/051315/what-difference-between-horizontal-integration-and-vertical-integration.asp/}
}